<marc:record xmlns:marc="http://www.loc.gov/MARC21/slim" xmlns:xsi="http://www.w3.org/2001/XMLSchema-instance" xsi:schemaLocation="http://www.loc.gov/MARC21/slim http://www.loc.gov/standards/marcxml/schema/MARC21slim.xsd">
  <marc:leader>     nam a2200349 a 45M</marc:leader>
  <marc:controlfield tag="001">001281293</marc:controlfield>
  <marc:controlfield tag="003">NNU</marc:controlfield>
  <marc:controlfield tag="005">20061010172824.0</marc:controlfield>
  <marc:controlfield tag="008">970918s1951    ua acfh  b    001 0 arard</marc:controlfield>
  <marc:datafield tag="010" ind1=" " ind2=" ">
    <marc:subfield code="a">60025475</marc:subfield>
  </marc:datafield>
  <marc:datafield tag="035" ind1="9" ind2=" ">
    <marc:subfield code="a">NYUb11669103</marc:subfield>
  </marc:datafield>
  <marc:datafield tag="035" ind1=" " ind2=" ">
    <marc:subfield code="a">(CStRLIN)NYUG97-B3120</marc:subfield>
  </marc:datafield>
  <marc:datafield tag="040" ind1=" " ind2=" ">
    <marc:subfield code="a">CU-SB</marc:subfield>
    <marc:subfield code="c">CU-SB</marc:subfield>
    <marc:subfield code="d">NNU</marc:subfield>
  </marc:datafield>
  <marc:datafield tag="043" ind1=" " ind2=" ">
    <marc:subfield code="a">f-ua---</marc:subfield>
  </marc:datafield>
  <marc:datafield tag="050" ind1="0" ind2="0">
    <marc:subfield code="a">PJ7518.5</marc:subfield>
    <marc:subfield code="b">.S5</marc:subfield>
  </marc:datafield>
  <marc:datafield tag="066" ind1=" " ind2=" ">
    <marc:subfield code="c">(3</marc:subfield>
  </marc:datafield>
  <marc:datafield tag="090" ind1=" " ind2=" ">
    <marc:subfield code="a">PJ7518.5</marc:subfield>
    <marc:subfield code="b">.S5</marc:subfield>
  </marc:datafield>
  <marc:datafield tag="100" ind1="1" ind2=" ">
    <marc:subfield code="a">Shayyāl, Jamāl al-Dīn</marc:subfield>
    <marc:subfield code="6">01</marc:subfield>
  </marc:datafield>
  <marc:datafield tag="100" ind1="1" ind2=" ">
    <marc:subfield code="6">01</marc:subfield>
    <marc:subfield code="a">شيال، جمال الدين.</marc:subfield>
  </marc:datafield>
  <marc:datafield tag="245" ind1="1" ind2="0">
    <marc:subfield code="6">02</marc:subfield>
    <marc:subfield code="a">Tārīkh al-tarjamah wa-al-ḥarakah al-thaqāfīyah fī aṣr Muḥammad ʻAlī /</marc:subfield>
    <marc:subfield code="c">taʼlīf Jamāl al-Dīn al-Shayyāl.</marc:subfield>
  </marc:datafield>
  <marc:datafield tag="245" ind1="1" ind2="0">
    <marc:subfield code="6">02</marc:subfield>
    <marc:subfield code="a">تاريخ الترجمة والحركة الثقافية فى عصر محمد على /</marc:subfield>
    <marc:subfield code="c">تأليف جمال الدين الشيال.</marc:subfield>
  </marc:datafield>
  <marc:datafield tag="260" ind1=" " ind2=" ">
    <marc:subfield code="6">03</marc:subfield>
    <marc:subfield code="a">[Cairo] :</marc:subfield>
    <marc:subfield code="b">Dār al-Fikr al-ʻArabī,</marc:subfield>
    <marc:subfield code="c">1951.</marc:subfield>
  </marc:datafield>
  <marc:datafield tag="260" ind1=" " ind2=" ">
    <marc:subfield code="6">03</marc:subfield>
    <marc:subfield code="a">[Cairo] :</marc:subfield>
    <marc:subfield code="b">دار الفكر العربى،</marc:subfield>
    <marc:subfield code="c">١٩٥١.</marc:subfield>
  </marc:datafield>
  <marc:datafield tag="300" ind1=" " ind2=" ">
    <marc:subfield code="a">17, 228, 79 p., [1] leaf of plates :</marc:subfield>
    <marc:subfield code="b">ill., facsims, ports. ;</marc:subfield>
    <marc:subfield code="c">29 cm.</marc:subfield>
  </marc:datafield>
  <marc:datafield tag="500" ind1=" " ind2=" ">
    <marc:subfield code="a">"... Nāla Jāʼizat al-Baḥth al-Adabī li-sanat 1946 min Majmaʻ Fuʼād al-Awwal al-Malakī lil-Lughah al-ʻArabīyah."</marc:subfield>
  </marc:datafield>
  <marc:datafield tag="500" ind1=" " ind2=" ">
    <marc:subfield code="a">Originally presented as the author's thesis (master's)--Jāmiʻat Fārūq al-Awwal.</marc:subfield>
  </marc:datafield>
  <marc:datafield tag="500" ind1=" " ind2=" ">
    <marc:subfield code="a">List of books translated during the reign of Muḥammad ʻAlī: Suppls. 1-3, p. [7]-50 (3rd group).</marc:subfield>
  </marc:datafield>
  <marc:datafield tag="504" ind1=" " ind2=" ">
    <marc:subfield code="a">Includes bibliographical references (p. [57]-69 (3rd group)) and indexes.</marc:subfield>
  </marc:datafield>
  <marc:datafield tag="650" ind1=" " ind2="0">
    <marc:subfield code="a">Translating and interpreting</marc:subfield>
    <marc:subfield code="z">Egypt</marc:subfield>
    <marc:subfield code="x">History</marc:subfield>
    <marc:subfield code="y">19th century.</marc:subfield>
  </marc:datafield>
  <marc:datafield tag="650" ind1=" " ind2="0">
    <marc:subfield code="a">French imprints</marc:subfield>
    <marc:subfield code="x">Translations into Arabic</marc:subfield>
    <marc:subfield code="x">History.</marc:subfield>
  </marc:datafield>
  <marc:datafield tag="650" ind1=" " ind2="0">
    <marc:subfield code="a">French imprints</marc:subfield>
    <marc:subfield code="x">Translations into Turkish</marc:subfield>
    <marc:subfield code="x">History.</marc:subfield>
  </marc:datafield>
  <marc:datafield tag="651" ind1=" " ind2="0">
    <marc:subfield code="a">Egypt</marc:subfield>
    <marc:subfield code="x">Intellectual life</marc:subfield>
    <marc:subfield code="y">19th century.</marc:subfield>
  </marc:datafield>
  <marc:datafield tag="998" ind1=" " ind2=" ">
    <marc:subfield code="a">19970918</marc:subfield>
    <marc:subfield code="d">19970918</marc:subfield>
    <marc:subfield code="d">20020724</marc:subfield>
    <marc:subfield code="n">NNU</marc:subfield>
    <marc:subfield code="s">1</marc:subfield>
    <marc:subfield code="t">c</marc:subfield>
    <marc:subfield code="z">p</marc:subfield>
  </marc:datafield>
</marc:record>
